<?xml version="1.0" encoding="UTF-8"?><collection xmlns="http://www.loc.gov/MARC21/slim"><record><leader>00401nam--2200133-i-4500</leader><controlfield tag="001">000043789</controlfield><controlfield tag="002">20161230</controlfield><controlfield tag="005">20161230201044</controlfield><controlfield tag="008">060222s1000------------r-----000-0-eng-d</controlfield><datafield ind1=" " ind2=" " tag="080"><subfield code="a">621.375.826</subfield></datafield><datafield ind1=" " ind2=" " tag="100"><subfield code="a">Tatu,Vasile S</subfield></datafield><datafield ind1=" " ind2=" " tag="245"><subfield code="a">Contributii la studiul unor efecte nucleare prin metodele spectroscopiei optice. teza</subfield></datafield><datafield ind1=" " ind2=" " tag="260"><subfield code="a">Bucuresti, Univ.Bucuresti, Fac.De Fizica, 1970. 124 P</subfield></datafield><datafield ind1=" " ind2=" " tag="852"><subfield code="a">33041</subfield></datafield></record></collection>